<record><leader>00000cas a22000007a 4500</leader><controlfield tag="001">18932881</controlfield><controlfield tag="008">881221d1uuu1935mouwr ne      0    0eng d</controlfield><datafield ind1=" " ind2=" " tag="010"><subfield code="a">sn 88068031 </subfield></datafield><datafield ind1=" " ind2=" " tag="040"><subfield code="a">MQN</subfield><subfield code="b">eng</subfield><subfield code="c">MQN</subfield><subfield code="d">OCLCQ</subfield></datafield><datafield ind1=" " ind2=" " tag="042"><subfield code="a">msc</subfield></datafield><datafield ind1="0" ind2="0" tag="245"><subfield code="a">Omar D. Gray's Sturgeon Missouri leader.</subfield></datafield><datafield ind1="3" ind2="0" tag="246"><subfield code="a">Sturgeon Missouri leader</subfield></datafield><datafield ind1=" " ind2=" " tag="260"><subfield code="a">Sturgeon, Boone County, Mo. :</subfield><subfield code="b">O.D. Gray</subfield></datafield><datafield ind1=" " ind2=" " tag="300"><subfield code="a">volumes</subfield></datafield><datafield ind1=" " ind2=" " tag="310"><subfield code="a">Weekly</subfield></datafield><datafield ind1=" " ind2=" " tag="336"><subfield code="a">text</subfield><subfield code="b">txt</subfield><subfield code="2">rdacontent</subfield></datafield><datafield ind1=" " ind2=" " tag="337"><subfield code="a">unmediated</subfield><subfield code="b">n</subfield><subfield code="2">rdamedia</subfield></datafield><datafield ind1=" " ind2=" " tag="338"><subfield code="a">volume</subfield><subfield code="b">nc</subfield><subfield code="2">rdacarrier</subfield></datafield><datafield ind1="0" ind2=" " tag="362"><subfield code="a">-v. 70, no. 19 (June 27, 1935).</subfield></datafield><datafield ind1=" " ind2=" " tag="588"><subfield code="a">Description based on: 31st year, no. 31 (Aug. 2, 1901).</subfield></datafield><datafield ind1="1" ind2=" " tag="700"><subfield code="a">Gray, Omar D.,</subfield><subfield code="d">1869-1935.</subfield></datafield><datafield ind1=" " ind2=" " tag="752"><subfield code="a">United States</subfield><subfield code="b">Missouri</subfield><subfield code="c">Boone</subfield><subfield code="d">Sturgeon.</subfield></datafield><datafield ind1="0" ind2="0" tag="780"><subfield code="t">Sturgeon Missouri leader (Sturgeon, Mo. : 1894)</subfield><subfield code="w">(DLC)sn 89067292</subfield></datafield><datafield ind1="0" ind2="0" tag="785"><subfield code="t">Sturgeon Missouri leader (Sturgeon, Mo. : 1935)</subfield><subfield code="w">(DLC)sn 88068036</subfield></datafield><datafield ind1="1" ind2=" " tag="029"><subfield code="a">AU@</subfield><subfield code="b">000025827769</subfield></datafield></record>